%YAML 1.1
%TAG !u! tag:unity3d.com,2011:
--- !u!1 &4163153189437880331
GameObject:
  m_ObjectHideFlags: 0
  m_CorrespondingSourceObject: {fileID: 0}
  m_PrefabInstance: {fileID: 0}
  m_PrefabAsset: {fileID: 0}
  serializedVersion: 6
  m_Component:
  - component: {fileID: 4163153189437880340}
  m_Layer: 0
  m_Name: Player
  m_TagString: Player
  m_Icon: {fileID: 0}
  m_NavMeshLayer: 0
  m_StaticEditorFlags: 0
  m_IsActive: 1
--- !u!4 &4163153189437880340
Transform:
  m_ObjectHideFlags: 0
  m_CorrespondingSourceObject: {fileID: 0}
  m_PrefabInstance: {fileID: 0}
  m_PrefabAsset: {fileID: 0}
  m_GameObject: {fileID: 4163153189437880331}
  m_LocalRotation: {x: 0, y: 0, z: 0, w: 1}
  m_LocalPosition: {x: -93.16439, y: 85.91524, z: -105.47982}
  m_LocalScale: {x: 1, y: 1, z: 1}
  m_Children:
  - {fileID: 2678471465892563775}
  - {fileID: 4163153189807740582}
  m_Father: {fileID: 0}
  m_RootOrder: 0
  m_LocalEulerAnglesHint: {x: 0, y: 0, z: 0}
--- !u!1 &4163153189807740571
GameObject:
  m_ObjectHideFlags: 0
  m_CorrespondingSourceObject: {fileID: 0}
  m_PrefabInstance: {fileID: 0}
  m_PrefabAsset: {fileID: 0}
  serializedVersion: 6
  m_Component:
  - component: {fileID: 4163153189807740582}
  - component: {fileID: 4163153189807740581}
  - component: {fileID: 4163153189807740580}
  - component: {fileID: 4163153189807740583}
  m_Layer: 0
  m_Name: Main Camera
  m_TagString: MainCamera
  m_Icon: {fileID: 0}
  m_NavMeshLayer: 0
  m_StaticEditorFlags: 0
  m_IsActive: 1
--- !u!4 &4163153189807740582
Transform:
  m_ObjectHideFlags: 0
  m_CorrespondingSourceObject: {fileID: 0}
  m_PrefabInstance: {fileID: 0}
  m_PrefabAsset: {fileID: 0}
  m_GameObject: {fileID: 4163153189807740571}
  m_LocalRotation: {x: -0, y: -0, z: -0, w: 1}
  m_LocalPosition: {x: 93.16439, y: -85.91524, z: 95.47982}
  m_LocalScale: {x: 1, y: 1, z: 10}
  m_Children: []
  m_Father: {fileID: 4163153189437880340}
  m_RootOrder: 1
  m_LocalEulerAnglesHint: {x: 0, y: 0, z: 0}
--- !u!20 &4163153189807740581
Camera:
  m_ObjectHideFlags: 0
  m_CorrespondingSourceObject: {fileID: 0}
  m_PrefabInstance: {fileID: 0}
  m_PrefabAsset: {fileID: 0}
  m_GameObject: {fileID: 4163153189807740571}
  m_Enabled: 1
  serializedVersion: 2
  m_ClearFlags: 1
  m_BackGroundColor: {r: 0, g: 0, b: 0, a: 0}
  m_projectionMatrixMode: 1
  m_GateFitMode: 2
  m_FOVAxisMode: 0
  m_SensorSize: {x: 36, y: 24}
  m_LensShift: {x: 0, y: 0}
  m_FocalLength: 50
  m_NormalizedViewPortRect:
    serializedVersion: 2
    x: 0
    y: 0
    width: 1
    height: 1
  near clip plane: 0.3
  far clip plane: 1000
  field of view: 128
  orthographic: 1
  orthographic size: 6
  m_Depth: -1
  m_CullingMask:
    serializedVersion: 2
    m_Bits: 4294967295
  m_RenderingPath: -1
  m_TargetTexture: {fileID: 0}
  m_TargetDisplay: 0
  m_TargetEye: 3
  m_HDR: 1
  m_AllowMSAA: 1
  m_AllowDynamicResolution: 0
  m_ForceIntoRT: 0
  m_OcclusionCulling: 1
  m_StereoConvergence: 10
  m_StereoSeparation: 0.022
--- !u!81 &4163153189807740580
AudioListener:
  m_ObjectHideFlags: 0
  m_CorrespondingSourceObject: {fileID: 0}
  m_PrefabInstance: {fileID: 0}
  m_PrefabAsset: {fileID: 0}
  m_GameObject: {fileID: 4163153189807740571}
  m_Enabled: 1
--- !u!114 &4163153189807740583
MonoBehaviour:
  m_ObjectHideFlags: 0
  m_CorrespondingSourceObject: {fileID: 0}
  m_PrefabInstance: {fileID: 0}
  m_PrefabAsset: {fileID: 0}
  m_GameObject: {fileID: 4163153189807740571}
  m_Enabled: 1
  m_EditorHideFlags: 0
  m_Script: {fileID: 11500000, guid: 82a0885ac2929e74eb840a1cd603945d, type: 3}
  m_Name: 
  m_EditorClassIdentifier: 
  target: {fileID: 2678471465892563775}
  offset: {x: 0, y: 0, z: -1}
--- !u!1001 &4163153190509834099
PrefabInstance:
  m_ObjectHideFlags: 0
  serializedVersion: 2
  m_Modification:
    m_TransformParent: {fileID: 4163153189437880340}
    m_Modifications:
    - target: {fileID: 2084509529962488904, guid: aeaf654d048eb22469072c8318681844,
        type: 3}
      propertyPath: cam
      value: 
      objectReference: {fileID: 4163153189807740581}
    - target: {fileID: 2084509529962488908, guid: aeaf654d048eb22469072c8318681844,
        type: 3}
      propertyPath: m_LocalPosition.x
      value: 92.76439
      objectReference: {fileID: 0}
    - target: {fileID: 2084509529962488908, guid: aeaf654d048eb22469072c8318681844,
        type: 3}
      propertyPath: m_LocalPosition.y
      value: -92.95524
      objectReference: {fileID: 0}
    - target: {fileID: 2084509529962488908, guid: aeaf654d048eb22469072c8318681844,
        type: 3}
      propertyPath: m_LocalPosition.z
      value: 105.47982
      objectReference: {fileID: 0}
    - target: {fileID: 2084509529962488908, guid: aeaf654d048eb22469072c8318681844,
        type: 3}
      propertyPath: m_LocalRotation.x
      value: -0
      objectReference: {fileID: 0}
    - target: {fileID: 2084509529962488908, guid: aeaf654d048eb22469072c8318681844,
        type: 3}
      propertyPath: m_LocalRotation.y
      value: -0
      objectReference: {fileID: 0}
    - target: {fileID: 2084509529962488908, guid: aeaf654d048eb22469072c8318681844,
        type: 3}
      propertyPath: m_LocalRotation.z
      value: -0
      objectReference: {fileID: 0}
    - target: {fileID: 2084509529962488908, guid: aeaf654d048eb22469072c8318681844,
        type: 3}
      propertyPath: m_LocalRotation.w
      value: 1
      objectReference: {fileID: 0}
    - target: {fileID: 2084509529962488908, guid: aeaf654d048eb22469072c8318681844,
        type: 3}
      propertyPath: m_RootOrder
      value: 0
      objectReference: {fileID: 0}
    - target: {fileID: 2084509529962488908, guid: aeaf654d048eb22469072c8318681844,
        type: 3}
      propertyPath: m_LocalEulerAnglesHint.x
      value: 0
      objectReference: {fileID: 0}
    - target: {fileID: 2084509529962488908, guid: aeaf654d048eb22469072c8318681844,
        type: 3}
      propertyPath: m_LocalEulerAnglesHint.y
      value: 0
      objectReference: {fileID: 0}
    - target: {fileID: 2084509529962488908, guid: aeaf654d048eb22469072c8318681844,
        type: 3}
      propertyPath: m_LocalEulerAnglesHint.z
      value: 0
      objectReference: {fileID: 0}
    - target: {fileID: 2084509529962488909, guid: aeaf654d048eb22469072c8318681844,
        type: 3}
      propertyPath: m_Name
      value: Hero
      objectReference: {fileID: 0}
    - target: {fileID: 2322092491033747660, guid: aeaf654d048eb22469072c8318681844,
        type: 3}
      propertyPath: slider
      value: 
      objectReference: {fileID: 5819749316810309036}
    - target: {fileID: 6091308729820727833, guid: aeaf654d048eb22469072c8318681844,
        type: 3}
      propertyPath: m_AnchorMax.x
      value: 0
      objectReference: {fileID: 0}
    - target: {fileID: 6091308729820727833, guid: aeaf654d048eb22469072c8318681844,
        type: 3}
      propertyPath: m_AnchorMax.y
      value: 0
      objectReference: {fileID: 0}
    - target: {fileID: 7075846981141576156, guid: aeaf654d048eb22469072c8318681844,
        type: 3}
      propertyPath: m_AnchoredPosition.x
      value: -0.02
      objectReference: {fileID: 0}
    - target: {fileID: 7075846981141576156, guid: aeaf654d048eb22469072c8318681844,
        type: 3}
      propertyPath: m_AnchoredPosition.y
      value: 0.35
      objectReference: {fileID: 0}
    m_RemovedComponents: []
  m_SourcePrefab: {fileID: 100100000, guid: aeaf654d048eb22469072c8318681844, type: 3}
--- !u!4 &2678471465892563775 stripped
Transform:
  m_CorrespondingSourceObject: {fileID: 2084509529962488908, guid: aeaf654d048eb22469072c8318681844,
    type: 3}
  m_PrefabInstance: {fileID: 4163153190509834099}
  m_PrefabAsset: {fileID: 0}
--- !u!114 &5819749316810309036 stripped
MonoBehaviour:
  m_CorrespondingSourceObject: {fileID: 7567625103099531999, guid: aeaf654d048eb22469072c8318681844,
    type: 3}
  m_PrefabInstance: {fileID: 4163153190509834099}
  m_PrefabAsset: {fileID: 0}
  m_GameObject: {fileID: 0}
  m_Enabled: 1
  m_EditorHideFlags: 0
  m_Script: {fileID: 11500000, guid: 67db9e8f0e2ae9c40bc1e2b64352a6b4, type: 3}
  m_Name: 
  m_EditorClassIdentifier: 
